@article{RevModPhys.24.28,
  title = {Range-Energy Relations for Electrons and the Determination of Beta-Ray End-Point Energies by Absorption},
  author = {Katz, L. and Penfold, A. S.},
  journal = {Rev. Mod. Phys.},
  volume = {24},
  issue = {1},
  pages = {28--44},
  numpages = {0},
  year = {1952},
  month = {Jan},
  publisher = {American Physical Society},
  doi = {10.1103/RevModPhys.24.28},
  url = {http://link.aps.org/doi/10.1103/RevModPhys.24.28}
}



@techreport{PassParticMatterPDG,
  author = { H. Bichsel, D.D. Groom, S.R. Klein},
  title = {Passage of particles through matter},
  institution = {University of Washington},
  year = {January 2012},
  type = {Report}
}

@article{Olive:2016xmw,
      author         = "Patrignani, C. and others",
      title          = "{Review of Particle Physics}",
      collaboration  = "Particle Data Group",
      journal        = "Chin. Phys.",
      volume         = "C40",
      year           = "2016",
      number         = "10",
      pages          = "100001",
      doi            = "10.1088/1674-1137/40/10/100001",
      SLACcitation   = "%%CITATION = CHPHD,C40,100001;%%"
}

@article{matthews2005heitler,
  title={A Heitler model of extensive air showers},
  author={Matthews, J},
  journal={Astroparticle Physics},
  volume={22},
  number={5},
  pages={387--397},
  year={2005},
  publisher={Elsevier}
}
