@article{katz1952range,
  title={Range-energy relations for electrons and the determination of beta-ray end-point energies by absorption},
  author={Katz, Li and Penfold, AS},
  journal={Reviews of Modern Physics},
  volume={24},
  number={1},
  pages={28},
  year={1952},
  publisher={APS}
}

